@ARTICLE{article,
  author={Gan, Yu and Zhang, Yanqi and Cheng, Dailun and Shetty, Ankitha and Rathi, Priyal and Katarki, Nayan and Bruno, Ariana and Hu, Justin and Ritchken, Brian and Jackson, Brendon and Hu, Kelvin and Pancholi, Meghna and He, Yuan and Clancy, Brett and Colen, Chris and Wen, Fukang and Leung, Catherine and Wang, Siyuan and Zaruvinsky, Leon and Espinosa, Mateo and Lin, Rick and Liu, Zhongling and Padilla, Jake and Delimitrou, Christina},
  journal={IEEE Micro}, 
  title={Unveiling the Hardware and Software Implications of Microservices in Cloud and Edge Systems}, 
  year={2020},
  volume={40},
  number={3},
  pages={10-19},
  doi={10.1109/MM.2020.2985960}
  }